@article{paper1, title={Caml trading – experiences with functional programming on Wall Street}, volume={18}, DOI={10.1017/S095679680800676X}, number={4}, journal={Journal of Functional Programming}, publisher={Cambridge University Press}, author={MINSKY, YARON and WEEKS, STEPHEN}, year={2008}, pages={553–564}}

 @misc{paper2, title={Introduction to genetic algorithms - including example code}, url={https://towardsdatascience.com/introduction-to-genetic-algorithms-including-example-code-e396e98d8bf3}, journal={Introduction to Genetic Algorithms — Including Example Code}, publisher={Towards Data Science}, author={Mallawaarachchi, Vijini}, year={2020}, month={Mar}} 

@INPROCEEDINGS{choosenPaper,  author={Hawkins, J. and Abdallah, A.},  booktitle={Proceedings ACS/IEEE International Conference on Computer Systems and Applications},   title={A generic functional genetic algorithm},   year={2001},  volume={},  number={},  pages={11-17},  doi={10.1109/AICCSA.2001.933945}}